<record><leader>00000cas a2200000 a 4500</leader><controlfield tag="001">23660594</controlfield><controlfield tag="008">910429d183918uupr cr ne      0    0spa c</controlfield><datafield ind1=" " ind2=" " tag="010"><subfield code="a">sn 91099738 </subfield></datafield><datafield ind1=" " ind2=" " tag="040"><subfield code="a">PNN</subfield><subfield code="b">eng</subfield><subfield code="c">PNN</subfield><subfield code="d">CNK</subfield><subfield code="d">DLC</subfield><subfield code="d">OCLCQ</subfield></datafield><datafield ind1=" " ind2=" " tag="042"><subfield code="a">pcc</subfield></datafield><datafield ind1=" " ind2=" " tag="043"><subfield code="a">nwpr---</subfield></datafield><datafield ind1="0" ind2="0" tag="050"><subfield code="a">Newspaper Microfilm 3247</subfield></datafield><datafield ind1="0" ind2="0" tag="245"><subfield code="a">Boleti&#769;n instructivo y mercantil de Puerto-Rico.</subfield></datafield><datafield ind1=" " ind2=" " tag="260"><subfield code="a">[San Juan] :</subfield><subfield code="b">Junta de Comercio,</subfield><subfield code="c">1839-</subfield></datafield><datafield ind1=" " ind2=" " tag="300"><subfield code="a">v.</subfield></datafield><datafield ind1=" " ind2=" " tag="310"><subfield code="a">Semiweekly</subfield></datafield><datafield ind1="0" ind2=" " tag="362"><subfield code="a">No. 1 (2 de marzo de 1839)-</subfield></datafield><datafield ind1=" " ind2=" " tag="588"><subfield code="a">Description based on: An&#771;o 3, no. 232 (19 de mayo de 1841).</subfield></datafield><datafield ind1=" " ind2=" " tag="588"><subfield code="a">Latest issue consulted: An&#771;o 4., no. 105 (31 de dic. de 1842).</subfield></datafield><datafield ind1=" " ind2=" " tag="752"><subfield code="a">United States</subfield><subfield code="b">Puerto Rico</subfield><subfield code="d">San Juan.</subfield></datafield><datafield ind1="0" ind2="0" tag="785"><subfield code="t">Boleti&#769;n mercantil de Puerto Rico</subfield><subfield code="w">(DLC)sn 91099739</subfield></datafield><datafield ind1="1" ind2=" " tag="029"><subfield code="a">AU@</subfield><subfield code="b">000020738790</subfield></datafield></record>